%% This BibTeX bibliography file was created using BibDesk.
%% http://bibdesk.sourceforge.net/


%% Saved with string encoding Unicode (UTF-8) 

@ARTICLE{2007PrPNP..59..694P,
   author = {{Perdrisat}, C.~F. and {Punjabi}, V. and {Vanderhaeghen}, M.
	},
    title = "{Nucleon electromagnetic form factors}",
  journal = {Progress in Particle and Nuclear Physics},
   eprint = {hep-ph/0612014},
     year = 2007,
    month = oct,
   volume = 59,
    pages = {694-764},
      doi = {10.1016/j.ppnp.2007.05.001},
   adsurl = {http://adsabs.harvard.edu/abs/2007PrPNP..59..694P},
  adsnote = {Provided by the SAO/NASA Astrophysics Data System}
}


@ARTICLE{2002JHEP...05..062F,
   author = {{Forte}, S. and {Garrido}, L.~s. and {Latorre}, J.~I. and {Piccione}, A.
	},
    title = "{Neural network parametrization of deep-inelastic structure functions}",
  journal = {Journal of High Energy Physics},
   eprint = {hep-ph/0204232},
     year = 2002,
    month = may,
   volume = 5,
      eid = {062},
    pages = {062},
      doi = {10.1088/1126-6708/2002/05/062},
   adsurl = {http://adsabs.harvard.edu/abs/2002JHEP...05..062F},
  adsnote = {Provided by the SAO/NASA Astrophysics Data System}
}


@article{PhysRevC.84.034314,
  title = {Two-photon exchange effect studied with neural networks},
  author = {Graczyk, Krzysztof M.},
  journal = {Phys. Rev. C},
  volume = {84},
  issue = {3},
  pages = {034314},
  numpages = {8},
  year = {2011},
  month = {Sep},
  publisher = {American Physical Society},
  doi = {10.1103/PhysRevC.84.034314},
  url = {https://link.aps.org/doi/10.1103/PhysRevC.84.034314}
}

@ARTICLE{2009PhRvC..79f5204A,
   author = {{Alberico}, W.~M. and {Bilenky}, S.~M. and {Giunti}, C. and 
	{Graczyk}, K.~M.},
    title = "{Electromagnetic form factors of the nucleon: New fit and analysis of uncertainties}",
  journal = {\prc},
archivePrefix = "arXiv",
   eprint = {0812.3539},
 primaryClass = "hep-ph",
 keywords = {Electromagnetic form factors, Protons and neutrons, Elastic and Compton scattering},
     year = 2009,
    month = jun,
   volume = 79,
   number = 6,
      eid = {065204},
    pages = {065204},
      doi = {10.1103/PhysRevC.79.065204},
   adsurl = {http://adsabs.harvard.edu/abs/2009PhRvC..79f5204A},
  adsnote = {Provided by the SAO/NASA Astrophysics Data System}
}



